@phdthesis{futhark_phd,
title = "Design and Implementation of the Futhark Programming Language",
author = "Troels Henriksen",
year = "2017",
language = "English",
publisher = "Department of Computer Science, Faculty of Science, University of Copenhagen",
}


@inproceedings{wasm_og,
  author    = {Andreas Haas and
               Andreas Rossberg and
               Derek L. Schuff and
               Ben L. Titzer and
               Michael Holman and
               Dan Gohman and
               Luke Wagner and
               Alon Zakai and
               J. F. Bastien},
  editor    = {Albert Cohen and
               Martin T. Vechev},
  title     = {Bringing the web up to speed with WebAssembly},
  booktitle = {Proceedings of the 38th {ACM} {SIGPLAN} Conference on Programming
               Language Design and Implementation, {PLDI} 2017, Barcelona, Spain,
               June 18-23, 2017},
  pages     = {185--200},
  publisher = {{ACM}},
  year      = {2017},
  url       = {https://doi.org/10.1145/3062341.3062363},
  doi       = {10.1145/3062341.3062363},
  timestamp = {Wed, 23 Jun 2021 15:34:31 +0200},
  biburl    = {https://dblp.org/rec/conf/pldi/HaasRSTHGWZB17.bib},
  bibsource = {dblp computer science bibliography, https://dblp.org}
}

@inproceedings{emcc,
  author    = {Alon Zakai},
  editor    = {Cristina Videira Lopes and
               Kathleen Fisher},
  title     = {Emscripten: an LLVM-to-JavaScript compiler},
  booktitle = {Companion to the 26th Annual {ACM} {SIGPLAN} Conference on Object-Oriented
               Programming, Systems, Languages, and Applications, {OOPSLA} 2011,
               part of {SPLASH} 2011, Portland, OR, USA, October 22 - 27, 2011},
  pages     = {301--312},
  publisher = {{ACM}},
  year      = {2011},
  url       = {https://doi.org/10.1145/2048147.2048224},
  doi       = {10.1145/2048147.2048224},
  timestamp = {Tue, 06 Nov 2018 16:57:15 +0100},
  biburl    = {https://dblp.org/rec/conf/oopsla/Zakai11.bib},
  bibsource = {dblp computer science bibliography, https://dblp.org}
}